<collection xmlns="http://www.loc.gov/MARC21/slim">
<record>
  <leader>01600nam0a2200313 i 450 </leader>
  <controlfield tag="001">IT\ICCU\CNCE\008226</controlfield>
  <controlfield tag="005">19981224000000.0</controlfield>
  <datafield tag="012" ind1=" " ind2=" ">
    <subfield code="a">o-e- i.na e.e. CoAd (3) 1565 (R)</subfield>
    <subfield code="2">fei</subfield>
  </datafield>
  <datafield tag="100" ind1=" " ind2=" ">
    <subfield code="a">19970101d1565        0itac0103    ba</subfield>
  </datafield>
  <datafield tag="101" ind1=" " ind2=" ">
    <subfield code="a">LAT</subfield>
  </datafield>
  <datafield tag="102" ind1=" " ind2=" ">
    <subfield code="a">IT</subfield>
  </datafield>
  <datafield tag="200" ind1="1" ind2=" ">
    <subfield code="a">Ciceronianae phrases ad rectam Latine loquendi normam apprime vtiles authore Hieronymo Capharo</subfield>
  </datafield>
  <datafield tag="210" ind1=" " ind2=" ">
    <subfield code="a">Venetiis</subfield>
    <subfield code="c">apud Io. Andream Valuassorem</subfield>
    <subfield code="d">1565</subfield>
  </datafield>
  <datafield tag="215" ind1=" " ind2=" ">
    <subfield code="a">\15!, 335 \i.e. 345!, \38! p.</subfield>
    <subfield code="d">8ʻ</subfield>
  </datafield>
  <datafield tag="620" ind1=" " ind2=" ">
    <subfield code="a">IT</subfield>
    <subfield code="d">Venezia</subfield>
  </datafield>
  <datafield tag="700" ind1=" " ind2="1">
    <subfield code="a">Cafaro,</subfield>
    <subfield code="b">Girolamo</subfield>
    <subfield code="3">IT\ICCU\CNCA\002332</subfield>
  </datafield>
  <datafield tag="712" ind1="0" ind2="0">
    <subfield code="a">Valvassori, Giovanni Andrea</subfield>
    <subfield code="3">IT\ICCU\CNCT\000431</subfield>
    <subfield code="4">650</subfield>
  </datafield>
  <datafield tag="790" ind1=" " ind2="1">
    <subfield code="a">Capharus,</subfield>
    <subfield code="b">Hieronymus</subfield>
    <subfield code="3">IT\ICCU\CNCA\012960</subfield>
    <subfield code="z">Cafaro, Girolamo</subfield>
  </datafield>
  <datafield tag="791" ind1="0" ind2="0">
    <subfield code="a">Vavassor, Ioannes Andreas</subfield>
    <subfield code="3">IT\ICCU\CNCT\004148</subfield>
    <subfield code="z">Valvassori, Giovanni Andrea</subfield>
  </datafield>
  <datafield tag="791" ind1="0" ind2="0">
    <subfield code="a">Guadagninus de Vavassoribus, Ioannes Andreas</subfield>
    <subfield code="3">IT\ICCU\CNCT\005847</subfield>
    <subfield code="z">Valvassori, Giovanni Andrea</subfield>
  </datafield>
  <datafield tag="791" ind1="0" ind2="0">
    <subfield code="a">Vavassore, Guadagnino di</subfield>
    <subfield code="3">IT\ICCU\CNCT\005848</subfield>
    <subfield code="z">Valvassori, Giovanni Andrea</subfield>
  </datafield>
  <datafield tag="791" ind1="0" ind2="0">
    <subfield code="a">Vavassori, Giovan Andrea</subfield>
    <subfield code="3">IT\ICCU\CNCT\005849</subfield>
    <subfield code="z">Valvassori, Giovanni Andrea</subfield>
  </datafield>
  <datafield tag="791" ind1="0" ind2="0">
    <subfield code="a">Valvassore, Giovanni Andrea</subfield>
    <subfield code="3">IT\ICCU\CNCT\005850</subfield>
    <subfield code="z">Valvassori, Giovanni Andrea</subfield>
  </datafield>
  <datafield tag="801" ind1=" " ind2="3">
    <subfield code="a">IT</subfield>
    <subfield code="b">ICCU</subfield>
    <subfield code="c">20201113</subfield>
  </datafield>
  <datafield tag="899" ind1=" " ind2=" ">
    <subfield code="a">Biblioteca civica centrale. Monza</subfield>
    <subfield code="1">MI0377</subfield>
    <subfield code="2">LO1 97</subfield>
  </datafield>
  <datafield tag="899" ind1=" " ind2=" ">
    <subfield code="a">Biblioteca comunale Tranquillo Graziani. Cascia</subfield>
    <subfield code="z">MUTILO</subfield>
    <subfield code="1">PG0023</subfield>
    <subfield code="2">UM1 13</subfield>
  </datafield>
  <datafield tag="899" ind1=" " ind2=" ">
    <subfield code="a">Biblioteca Maldotti. Guastalla</subfield>
    <subfield code="z">MUTILO</subfield>
    <subfield code="1">RE0036</subfield>
    <subfield code="2">REA MA</subfield>
  </datafield>
  <datafield tag="899" ind1=" " ind2=" ">
    <subfield code="a">Biblioteca del Pontificio Ateneo Antonianum. Roma</subfield>
    <subfield code="1">RM0692</subfield>
    <subfield code="2">ZRM 44</subfield>
  </datafield>
  <datafield tag="899" ind1=" " ind2=" ">
    <subfield code="a">Biblioteca comunale Antonio Baldini. Santarcangelo di Romagna</subfield>
    <subfield code="1">RN0028</subfield>
    <subfield code="2">RAV ST</subfield>
  </datafield>
</record>
</collection>
